@article{Gondolo:1990dk,
      author         = "Gondolo, Paolo and Gelmini, Graciela",
      title          = "{Cosmic abundances of stable particles: Improved
                        analysis}",
      journal        = "Nucl. Phys.",
      volume         = "B360",
      year           = "1991",
      pages          = "145-179",
      doi            = "10.1016/0550-3213(91)90438-4",
      reportNumber   = "UCLA-90-TEP-68",
      SLACcitation   = "%%CITATION = NUPHA,B360,145;%%"
}


@article{FIMP_DM_Summary,
      author         = "Bernal, Nicolás and Heikinheimo, Matti and Tenkanen,
                        Tommi and Tuominen, Kimmo and Vaskonen, Ville",
      title          = "{The Dawn of FIMP Dark Matter: A Review of Models and
                        Constraints}",
      journal        = "Int. J. Mod. Phys.",
      volume         = "A32",
      year           = "2017",
      number         = "27",
      pages          = "1730023",
      doi            = "10.1142/S0217751X1730023X",
      eprint         = "1706.07442",
      archivePrefix  = "arXiv",
      primaryClass   = "hep-ph",
      reportNumber   = "PI-UAN-2017-602FT, HIP-2017-08-TH, PI-UAN--2017--602FT,
                        HIP--2017--08-TH",
      SLACcitation   = "%%CITATION = ARXIV:1706.07442;%%"
}

@article{Planc_colab,
      author         = "Ade, P. A. R. and others",
      title          = "{Planck 2015 results. XIII. Cosmological parameters}",
      collaboration  = "Planck",
      journal        = "Astron. Astrophys.",
      volume         = "594",
      year           = "2016",
      pages          = "A13",
      doi            = "10.1051/0004-6361/201525830",
      eprint         = "1502.01589",
      archivePrefix  = "arXiv",
      primaryClass   = "astro-ph.CO",
      SLACcitation   = "%%CITATION = ARXIV:1502.01589;%%"
}
@article{micrOMEGAs5,
      author         = "Bélanger, Geneviève and Boudjema, Fawzi and Goudelis,
                        Andreas and Pukhov, Alexander and Zaldivar, Bryan",
      title          = "{micrOMEGAs5.0 : Freeze-in}",
      journal        = "Comput. Phys. Commun.",
      volume         = "231",
      year           = "2018",
      pages          = "173-186",
      doi            = "10.1016/j.cpc.2018.04.027",
      eprint         = "1801.03509",
      archivePrefix  = "arXiv",
      primaryClass   = "hep-ph",
      SLACcitation   = "%%CITATION = ARXIV:1801.03509;%%"
}

@article{DarkSUSY,
      author         = "Bringmann, Torsten and Edsjö, Joakim and Gondolo, Paolo
                        and Ullio, Piero and Bergström, Lars",
      title          = "{DarkSUSY 6 : An Advanced Tool to Compute Dark Matter
                        Properties Numerically}",
      journal        = "JCAP",
      volume         = "1807",
      year           = "2018",
      number         = "07",
      pages          = "033",
      doi            = "10.1088/1475-7516/2018/07/033",
      eprint         = "1802.03399",
      archivePrefix  = "arXiv",
      primaryClass   = "hep-ph",
      SLACcitation   = "%%CITATION = ARXIV:1802.03399;%%"
}
@misc{DarkSUSYsite,
  title = {DarkSUSY},
  howpublished = {\url{http://darksusy.org}}
}
